

@article{BrooksAIJ91,   
        title="Intelligence without Representation",
        author="Rodney A. Brooks",   
	journal = "Artificial Intelligence",
        volume = 47,
        number = {1--3},
	pages = {139--159},
        year = 1991}

@InProceedings{BarryMNAS05,
  author = 	 {Alwyn Barry and Hugo Dalrymple-Smith},
  title = 	 {Visual Communication and Social Structure --- The Group Predation of Lions},
  booktitle = 	 {Modelling Natural Action Selecton: {P}roceedings of an International Workshop},
  publisher = 	 {The Society for the Study of Artificial Intelligence and the Simulation of Behaviour (AISB)},
  year = 	 2005,
  editor = 	 {J. J. Bryson and T. J. Prescott and A. K. Seth},
  address = 	 {Edinburgh},
  pages = {146--151},
  month = 	 {July}
}

@incollection{bryson2003behavior,
  title={The behavior-oriented design of modular agent intelligence},
  author={Bryson, Joanna J},
  booktitle={Agent technologies, infrastructures, tools, and applications for e-services},
  pages={61--76},
  year={2003},
  publisher={Springer}
}
